<mx:record xmlns="http://www.w3.org/TR/xhtml1/strict" xmlns:mx="http://www.loc.gov/MARC21/slim" xmlns:xsi="http://www.w3.org/2001/XMLSchema-instance"><mx:leader>00000cz   2200000n  4500</mx:leader><mx:controlfield tag="001">oca03589685 </mx:controlfield><mx:controlfield tag="005">20051018173300.0</mx:controlfield><mx:controlfield tag="008">940420n| acannaab           |a aaa      </mx:controlfield><mx:datafield ind1=" " ind2=" " tag="010"><mx:subfield code="a">n  94038356</mx:subfield></mx:datafield><mx:datafield ind1=" " ind2=" " tag="040"><mx:subfield code="a">DLC</mx:subfield><mx:subfield code="c">DLC</mx:subfield><mx:subfield code="d">DLC</mx:subfield></mx:datafield><mx:datafield ind1=" " ind2="0" tag="053"><mx:subfield code="a">PA8443</mx:subfield></mx:datafield><mx:datafield ind1="0" ind2=" " tag="100"><mx:subfield code="a">Virgilius Maro,</mx:subfield><mx:subfield code="c">Grammaticus,</mx:subfield><mx:subfield code="d">7th cent.</mx:subfield></mx:datafield><mx:datafield ind1="1" ind2=" " tag="400"><mx:subfield code="a">Maro, Virgilius,</mx:subfield><mx:subfield code="c">Grammaticus,</mx:subfield><mx:subfield code="d">7th cent.</mx:subfield></mx:datafield><mx:datafield ind1="1" ind2=" " tag="400"><mx:subfield code="a">Grammaticus, Virgilius Maro,</mx:subfield><mx:subfield code="d">7th cent.</mx:subfield></mx:datafield><mx:datafield ind1=" " ind2=" " tag="670"><mx:subfield code="a">The morality of medieval grammar : Virgilius Maro Grammaticus and the seventh century, 1995:</mx:subfield><mx:subfield code="b">CIP prelim. p. (lived 7th cent.)</mx:subfield></mx:datafield></mx:record>